01REMESSA01COBRANCA       00000000000000001050VIAINVEST SERVIÇOS FINANCEIROS611PAULISTA S.A.  200415        MX0000001                                                                                                                                                                                                                                                                                                                                 000001
1                   01350301040199AA0R00000548907 01 01 00001 0000000000000000000000000000001N000000     2  848192-03   15061500000000349120000000001 160415000020000000000000000000000000000333000000003145900000000000000248219471000111COMERCIAL E INSTALADORA ELETRICA J J CESR DOUTOR CESAR,972                      00000819200102013003ATW DISTRIBUIDORA DE MATERIAL ELETRICO - EIREL0771049600013635150407710496000136550010000081921428537514000002
1                   01350301040199AA0R00000548883 01 01 00001 0000000000000000000000000000001N000000     2  848205-02   09061500000000673000000000001 200415000020000000000000000000000000000333000000006134600000000000000260224375000167ELETRO AMERICA LTDA - EPP               R FAUSTOLO,935                          00000820500105041000ATW DISTRIBUIDORA DE MATERIAL ELETRICO - EIREL0771049600013635150407710496000136550010000082051272292706000003
1                   01350301040199AA0R00000548904 01 01 00001 0000000000000000000000000000001N000000     2  848193-03   05061500000000453330000000001 160415000020000000000000000000000000000333000000004148000000000000000245037629000144ELETRICA SILVEIRA LTDA                  R CORONEL ALFREDO FLAQUER,672           00000819300109020041ATW DISTRIBUIDORA DE MATERIAL ELETRICO - EIREL0771049600013635150407710496000136550010000081931719282188000004
1                   01350301040199AA0R00000548901 01 01 00001 0000000000000000000000000000001N000000     2  848194-03   05061500000000833680000000001 160415000020000000000000000000000000000333000000007628300000000000000204004097000161ELETRICA INTERLUZ LTDA ME               R SEBASTIAO SAMPAIO,970                 00000819400114160600ATW DISTRIBUIDORA DE MATERIAL ELETRICO - EIREL0771049600013635150407710496000136550010000081941739982573000005
1                   01350301040199AA0R00000548912 01 01 00001 0000000000000000000000000000001N000000     2  848189-03   05061500000000906670000000001 160415000020000000000000000000000000000333000000008296100000000000000296238191000101FERRAGENS VILA RE LTDA - EPP            R ITINGUCU,1483                         00000818900103658011ATW DISTRIBUIDORA DE MATERIAL ELETRICO - EIREL0771049600013635150407710496000136550010000081891996026019000006
1                   01350301040199AA0R00000548933 01 01 00001 0000000000000000000000000000001N000000     2  848177-03   05061500000000628840000000001 160415000020000000000000000000000000000333000000005754000000000000000239045307000144MASCARO LAR E CONSTRUCAO LTDA           AV BRIGADEIRO LUIS ANTONIO,1746         00000817700101318002ATW DISTRIBUIDORA DE MATERIAL ELETRICO - EIREL0771049600013635150407710496000136550010000081771389288435000007
1                   01350301040199AA0R00000548921 01 01 00001 0000000000000000000000000000001N000000     2  848183-04   04061500000000340000000000001 160415000020000000000000000000000000000333000000003111000000000000000255716211000117ITU LUSTRES LTDA                        R TUIUTI,490                            00000818300113339010ATW DISTRIBUIDORA DE MATERIAL ELETRICO - EIREL0771049600013635150407710496000136550010000081831563809749000008
1                   01350301040199AA0R00000548881 01 01 00001 0000000000000000000000000000001N000000     2  848206-03   01061500000000708330000000001 200415000020000000000000000000000000000333000000006555100000000000000248050330000118DONKE MATERIAIS PARA CONSTRUCAO LTDA - MR CARNEIRO DA CUNHA,637                 00000820600104144001ATW DISTRIBUIDORA DE MATERIAL ELETRICO - EIREL0771049600013635150407710496000136550010000082061276484526000009
1                   01350301040199AA0R00000548887 01 01 00001 0000000000000000000000000000001N000000     2  848202-02   01061500000000680000000000001 200415000020000000000000000000000000000333000000006292900000000000000261668513000160LOJA DE FERRAGENS MACHADODE ASSIS LTDA -R MACHADO DE ASSIS,435                  00000820200104106011ATW DISTRIBUIDORA DE MATERIAL ELETRICO - EIREL0771049600013635150407710496000136550010000082021330922663000010
1                   01350301040199AA0R00000548916 01 01 00001 0000000000000000000000000000001N000000     2  848186-01   31051500000001836000000000001 160415000020000000000000000000000000000333000000016990700000000000000207716473000139FF GUARULHOS COMERCIO DE MATERIAIS ELETRAV SETE DE SETEMBRO,2018                00000818600107064002ATW DISTRIBUIDORA DE MATERIAL ELETRICO - EIREL0771049600013635150407710496000136550010000081861480032439000011
1                   01350301040199AA0R00000548906 01 01 00001 0000000000000000000000000000001N000000     2  848192-02   31051500000000349120000000001 160415000020000000000000000000000000000333000000003230800000000000000248219471000111COMERCIAL E INSTALADORA ELETRICA J J CESR DOUTOR CESAR,972                      00000819200102013003ATW DISTRIBUIDORA DE MATERIAL ELETRICO - EIREL0771049600013635150407710496000136550010000081921428537514000012
1                   01350301040199AA0R00000548920 01 01 00001 0000000000000000000000000000001N000000     2  848183-03   28051500000000340000000000001 160415000020000000000000000000000000000333000000003170000000000000000255716211000117ITU LUSTRES LTDA                        R TUIUTI,490                            00000818300113339010ATW DISTRIBUIDORA DE MATERIAL ELETRICO - EIREL0771049600013635150407710496000136550010000081831563809749000013
1                   01350301040199AA0R00000548935 01 01 00001 0000000000000000000000000000001N000000     2  848176-02   28051500000000484330000000001 160415000020000000000000000000000000000333000000004515600000000000000263967590000146COMERCIAL ALTERNATIVA MATERIAIS ELETRICOAV MIGUEL STEFANO,2060                  00000817600104301001ATW DISTRIBUIDORA DE MATERIAL ELETRICO - EIREL0771049600013635150407710496000136550010000081761736580441000014
1                   01350301040199AA0R00000548926 01 01 00001 0000000000000000000000000000001N000000     2  848181-03   28051500000000558330000000001 160415000020000000000000000000000000000333000000005205600000000000000203941359000151LOGOS DE CAMPINAS EQUIPAMENTOS ELETRICOSR MANOEL FRANCISCO MENDES,433           00000818100113030110ATW DISTRIBUIDORA DE MATERIAL ELETRICO - EIREL0771049600013635150407710496000136550010000081811707178231000015
1                   01350301040199AA0R00000548896 01 01 00001 0000000000000000000000000000001N000000     2  848196-03   28051500000000340000000000001 160415000020000000000000000000000000000333000000003170000000000000000249823016000193ELETRICA DISWAL LTDA EPP                R ACRE, DO,391/397                      00000819600103181100ATW DISTRIBUIDORA DE MATERIAL ELETRICO - EIREL0771049600013635150407710496000136550010000081961274321311000016
1                   01350301040199AA0R00000548903 01 01 00001 0000000000000000000000000000001N000000     2  848193-02   26051500000000453330000000001 160415000020000000000000000000000000000333000000004242400000000000000245037629000144ELETRICA SILVEIRA LTDA                  R CORONEL ALFREDO FLAQUER,672           00000819300109020041ATW DISTRIBUIDORA DE MATERIAL ELETRICO - EIREL0771049600013635150407710496000136550010000081931719282188000017
1                   01350301040199AA0R00000548900 01 01 00001 0000000000000000000000000000001N000000     2  848194-02   26051500000000833680000000001 160415000020000000000000000000000000000333000000007801800000000000000204004097000161ELETRICA INTERLUZ LTDA ME               R SEBASTIAO SAMPAIO,970                 00000819400114160600ATW DISTRIBUIDORA DE MATERIAL ELETRICO - EIREL0771049600013635150407710496000136550010000081941739982573000018
1                   01350301040199AA0R00000548932 01 01 00001 0000000000000000000000000000001N000000     2  848177-02   26051500000000628840000000001 160415000020000000000000000000000000000333000000005884900000000000000239045307000144MASCARO LAR E CONSTRUCAO LTDA           AV BRIGADEIRO LUIS ANTONIO,1746         00000817700101318002ATW DISTRIBUIDORA DE MATERIAL ELETRICO - EIREL0771049600013635150407710496000136550010000081771389288435000019
1                   01350301040199AA0R00000548911 01 01 00001 0000000000000000000000000000001N000000     2  848189-02   26051500000000906670000000001 160415000020000000000000000000000000000333000000008484900000000000000296238191000101FERRAGENS VILA RE LTDA - EPP            R ITINGUCU,1483                         00000818900103658011ATW DISTRIBUIDORA DE MATERIAL ELETRICO - EIREL0771049600013635150407710496000136550010000081891996026019000020
1                   01350301040199AA0R00000548891 01 01 00001 0000000000000000000000000000001N000000     2  848199-02   25051500000000382500000000001 200415000020000000000000000000000000000333000000003586200000000000000256640816000134ELETRICA CAESI LTDA - ME                R ITINGUCU,2420                         00000819900103658010ATW DISTRIBUIDORA DE MATERIAL ELETRICO - EIREL0771049600013635150407710496000136550010000081991178226160000021
1                   01350301040199AA0R00000548888 01 01 00001 0000000000000000000000000000001N000000     2  848201-01   25051500000000945000000000001 200415000020000000000000000000000000000333000000008859900000000000000243480573000172PHOENIX COMERCIAL ELETRICA LTDA         R ANHAIA,766                            00000820100101130000ATW DISTRIBUIDORA DE MATERIAL ELETRICO - EIREL0771049600013635150407710496000136550010000082011462392443000022
1                   01350301040199AA0R00000548880 01 01 00001 0000000000000000000000000000001N000000     2  848206-02   25051500000000708330000000001 200415000020000000000000000000000000000333000000006641000000000000000248050330000118DONKE MATERIAIS PARA CONSTRUCAO LTDA - MR CARNEIRO DA CUNHA,637                 00000820600104144001ATW DISTRIBUIDORA DE MATERIAL ELETRICO - EIREL0771049600013635150407710496000136550010000082061276484526000023
1                   01350301040199AA0R00000548878 01 01 00001 0000000000000000000000000000001N000000     2  848207-02   25051500000000340000000000001 200415000020000000000000000000000000000333000000003187700000000000000246367280000171CASA SANTOS TINTAS E FERRAGENS LTDA - MEAV ONZE DE JUNHO,902                    00000820700104041003ATW DISTRIBUIDORA DE MATERIAL ELETRICO - EIREL0771049600013635150407710496000136550010000082071378085830000024
1                   01350301040199AA0R00000548895 01 01 00001 0000000000000000000000000000001N000000     2  848196-02   21051500000000340000000000001 160415000020000000000000000000000000000333000000003211300000000000000249823016000193ELETRICA DISWAL LTDA EPP                R ACRE, DO,391/397                      00000819600103181100ATW DISTRIBUIDORA DE MATERIAL ELETRICO - EIREL0771049600013635150407710496000136550010000081961274321311000025
1                   01350301040199AA0R00000548898 01 01 00001 0000000000000000000000000000001N000000     2  848195-02   21051500000001608000000000001 160415000020000000000000000000000000000333000000015187500000000000000213041971000121O2 LED ILLUMINATION COMERCIO E DESENVOLVR ABRAHAO GONCALVES BRAGA,412/PARTE A   00000819500104186220ATW DISTRIBUIDORA DE MATERIAL ELETRICO - EIREL0771049600013635150407710496000136550010000081951600807350000026
1                   01350301040199AA0R00000548915 01 01 00001 0000000000000000000000000000001N000000     2  848187-02   21051500000000317500000000001 160415000020000000000000000000000000000333000000002998800000000000000202470909000139RICARDO MIGLIANO MONTELEONE ME          R LAVAPES, DO,1130                      00000818700101519000ATW DISTRIBUIDORA DE MATERIAL ELETRICO - EIREL0771049600013635150407710496000136550010000081871229517009000027
1                   01350301040199AA0R00000548925 01 01 00001 0000000000000000000000000000001N000000     2  848181-02   21051500000000558330000000001 160415000020000000000000000000000000000333000000005273400000000000000203941359000151LOGOS DE CAMPINAS EQUIPAMENTOS ELETRICOSR MANOEL FRANCISCO MENDES,433           00000818100113030110ATW DISTRIBUIDORA DE MATERIAL ELETRICO - EIREL0771049600013635150407710496000136550010000081811707178231000028
1                   01350301040199AA0R00000548919 01 01 00001 0000000000000000000000000000001N000000     2  848183-02   21051500000000340000000000001 160415000020000000000000000000000000000333000000003211300000000000000255716211000117ITU LUSTRES LTDA                        R TUIUTI,490                            00000818300113339010ATW DISTRIBUIDORA DE MATERIAL ELETRICO - EIREL0771049600013635150407710496000136550010000081831563809749000029
1                   01350301040199AA0R00000548937 01 01 00001 0000000000000000000000000000001N000000     2  848175-02   21051500000000425000000000001 160415000020000000000000000000000000000333000000004014100000000000000209431967000100ZZINI ELETRICA HIDR. E FERRAGENS LTDA MEAV ALVARO RAMOS,2269                    00000817500103331001ATW DISTRIBUIDORA DE MATERIAL ELETRICO - EIREL0771049600013635150407710496000136550010000081751892638993000030
1                   01350301040199AA0R00000548934 01 01 00001 0000000000000000000000000000001N000000     2  848176-01   21051500000000484320000000001 160415000020000000000000000000000000000333000000004574400000000000000263967590000146COMERCIAL ALTERNATIVA MATERIAIS ELETRICOAV MIGUEL STEFANO,2060                  00000817600104301001ATW DISTRIBUIDORA DE MATERIAL ELETRICO - EIREL0771049600013635150407710496000136550010000081761736580441000031
1                   01350301040199AA0R00000548923 01 01 00001 0000000000000000000000000000001N000000     2  848182-02   21051500000000510000000000001 160415000020000000000000000000000000000333000000004816900000000000000208711799000136LAMPIAO DE GAS COMERCIAL ELETRICA LTDA  AV GENERAL MAC ARTHUR,074               00000818200105338000ATW DISTRIBUIDORA DE MATERIAL ELETRICO - EIREL0771049600013635150407710496000136550010000081821335079510000032
1                   01350301040199AA0R00000548929 01 01 00001 0000000000000000000000000000001N000000     2  848179-01   21051500000000425000000000001 160415000020000000000000000000000000000333000000004014100000000000000200256509000108VALTER ZIA ME                           R CAVALHEIRO ERNESTO GIULIANO,760       00000817900109570400ATW DISTRIBUIDORA DE MATERIAL ELETRICO - EIREL0771049600013635150407710496000136550010000081791261009909000033
1                   01350301040199AA0R00000548928 01 01 00001 0000000000000000000000000000001N000000     2  848180-02   21051500000000425000000000001 160415000020000000000000000000000000000333000000004014100000000000000261264719000124COMERCIAL ARWIL TINTAS E MATERIAIS DE COR TAMOIOS,204                           00000818000104630000ATW DISTRIBUIDORA DE MATERIAL ELETRICO - EIREL0771049600013635150407710496000136550010000081801919209214000034
1                   01350301040199AA0R00000548889 01 01 00001 0000000000000000000000000000001N000000     2  848200-01   20051500000000473000000000001 200415000020000000000000000000000000000333000000004475700000000000000265629867000156TOKO COMERCIO DE MATERIAIS DE LIMPEZA LTR FREDERICO ABRANCHES,416               00000820000101225000ATW DISTRIBUIDORA DE MATERIAL ELETRICO - EIREL0771049600013635150407710496000136550010000082001708175721000035
1                   01350301040199AA0R00000548882 01 01 00001 0000000000000000000000000000001N000000     2  848205-01   20051500000000673000000000001 200415000020000000000000000000000000000333000000006368100000000000000260224375000167ELETRO AMERICA LTDA - EPP               R FAUSTOLO,935                          00000820500105041000ATW DISTRIBUIDORA DE MATERIAL ELETRICO - EIREL0771049600013635150407710496000136550010000082051272292706000036
1                   01350301040199AA0R00000548885 01 01 00001 0000000000000000000000000000001N000000     2  848203-01   18051500000000645300000000001 200415000020000000000000000000000000000333000000006128200000000000000269247369000108HAROLUZ COMERCIAL ELETRICA LTDA         R TENENTE ANTONIO JOAO,251/269          00000820300109530460ATW DISTRIBUIDORA DE MATERIAL ELETRICO - EIREL0771049600013635150407710496000136550010000082031521536765000037
1                   01350301040199AA0R00000548884 01 01 00001 0000000000000000000000000000001N000000     2  848204-01   18051500000000425000000000001 200415000020000000000000000000000000000333000000004036100000000000000212499127000186DEPOSITO DA VILA MADALENA COMERCIO DE MAR TABOCAS, DAS,246                      00000820400105445020ATW DISTRIBUIDORA DE MATERIAL ELETRICO - EIREL0771049600013635150407710496000136550010000082041732112318000038
1                   01350301040199AA0R00000548877 01 01 00001 0000000000000000000000000000001N000000     2  848207-01   18051500000000340000000000001 200415000020000000000000000000000000000333000000003228900000000000000246367280000171CASA SANTOS TINTAS E FERRAGENS LTDA - MEAV ONZE DE JUNHO,902                    00000820700104041003ATW DISTRIBUIDORA DE MATERIAL ELETRICO - EIREL0771049600013635150407710496000136550010000082071378085830000039
1                   01350301040199AA0R00000548879 01 01 00001 0000000000000000000000000000001N000000     2  848206-01   18051500000000708340000000001 200415000020000000000000000000000000000333000000006726900000000000000248050330000118DONKE MATERIAIS PARA CONSTRUCAO LTDA - MR CARNEIRO DA CUNHA,637                 00000820600104144001ATW DISTRIBUIDORA DE MATERIAL ELETRICO - EIREL0771049600013635150407710496000136550010000082061276484526000040
1                   01350301040199AA0R00000548886 01 01 00001 0000000000000000000000000000001N000000     2  848202-01   18051500000000680000000000001 200415000020000000000000000000000000000333000000006457800000000000000261668513000160LOJA DE FERRAGENS MACHADODE ASSIS LTDA -R MACHADO DE ASSIS,435                  00000820200104106011ATW DISTRIBUIDORA DE MATERIAL ELETRICO - EIREL0771049600013635150407710496000136550010000082021330922663000041
1                   01350301040199AA0R00000548892 01 01 00001 0000000000000000000000000000001N000000     2  848198-01   18051500000000825840000000001 200415000020000000000000000000000000000333000000007842800000000000000205284514000130NAVILLE ILUMINACAO LTDA                 R CANDEL,357                            00000819800107171430ATW DISTRIBUIDORA DE MATERIAL ELETRICO - EIREL0771049600013635150407710496000136550010000081981649548954000042
1                   01350301040199AA0R00000548890 01 01 00001 0000000000000000000000000000001N000000     2  848199-01   18051500000000382500000000001 200415000020000000000000000000000000000333000000003632500000000000000256640816000134ELETRICA CAESI LTDA - ME                R ITINGUCU,2420                         00000819900103658010ATW DISTRIBUIDORA DE MATERIAL ELETRICO - EIREL0771049600013635150407710496000136550010000081991178226160000043
1                   01350301040199AA0R00000548899 01 01 00001 0000000000000000000000000000001N000000     2  848194-01   16051500000000833690000000001 160415000020000000000000000000000000000333000000007917300000000000000204004097000161ELETRICA INTERLUZ LTDA ME               R SEBASTIAO SAMPAIO,970                 00000819400114160600ATW DISTRIBUIDORA DE MATERIAL ELETRICO - EIREL0771049600013635150407710496000136550010000081941739982573000044
1                   01350301040199AA0R00000548931 01 01 00001 0000000000000000000000000000001N000000     2  848177-01   16051500000000628840000000001 160415000020000000000000000000000000000333000000005971900000000000000239045307000144MASCARO LAR E CONSTRUCAO LTDA           AV BRIGADEIRO LUIS ANTONIO,1746         00000817700101318002ATW DISTRIBUIDORA DE MATERIAL ELETRICO - EIREL0771049600013635150407710496000136550010000081771389288435000045
1                   01350301040199AA0R00000548930 01 01 00001 0000000000000000000000000000001N000000     2  848178-01   16051500000000517500000000001 160415000020000000000000000000000000000333000000004914600000000000000213520464000170PRIMO COMERCIAL DE FERRAGENS, ELETRICA ER MACIEL MONTEIRO,526 A                 00000817800103566030ATW DISTRIBUIDORA DE MATERIAL ELETRICO - EIREL0771049600013635150407710496000136550010000081781636995393000046
1                   01350301040199AA0R00000548913 01 01 00001 0000000000000000000000000000001N000000     2  848188-01   16051500000000617800000000001 160415000020000000000000000000000000000333000000005867100000000000000201160124000105ELETRICA 2R LTDA-ME                     AV MAJOR NOVAES,306                     00000818800114870080ATW DISTRIBUIDORA DE MATERIAL ELETRICO - EIREL0771049600013635150407710496000136550010000081881846877776000047
1                   01350301040199AA0R00000548910 01 01 00001 0000000000000000000000000000001N000000     2  848189-01   16051500000000906660000000001 160415000020000000000000000000000000000333000000008610300000000000000296238191000101FERRAGENS VILA RE LTDA - EPP            R ITINGUCU,1483                         00000818900103658011ATW DISTRIBUIDORA DE MATERIAL ELETRICO - EIREL0771049600013635150407710496000136550010000081891996026019000048
1                   01350301040199AA0R00000548905 01 01 00001 0000000000000000000000000000001N000000     2  848192-01   16051500000000349120000000001 160415000020000000000000000000000000000333000000003315500000000000000248219471000111COMERCIAL E INSTALADORA ELETRICA J J CESR DOUTOR CESAR,972                      00000819200102013003ATW DISTRIBUIDORA DE MATERIAL ELETRICO - EIREL0771049600013635150407710496000136550010000081921428537514000049
1                   01350301040199AA0R00000548902 01 01 00001 0000000000000000000000000000001N000000     2  848193-01   16051500000000453340000000001 160415000020000000000000000000000000000333000000004305200000000000000245037629000144ELETRICA SILVEIRA LTDA                  R CORONEL ALFREDO FLAQUER,672           00000819300109020041ATW DISTRIBUIDORA DE MATERIAL ELETRICO - EIREL0771049600013635150407710496000136550010000081931719282188000050
1                   01350301040199AA0R00000548909 01 01 00001 0000000000000000000000000000001N000000     2  848190-01   14051500000000454480000000001 160415000020000000000000000000000000000333000000004347200000000000000268088186000116ANTONIO F FARIA - ME                    R 23 DE MAIO,216                        00000819000113207612ATW DISTRIBUIDORA DE MATERIAL ELETRICO - EIREL0771049600013635150407710496000136550010000081901605633869000051
1                   01350301040199AA0R00000548914 01 01 00001 0000000000000000000000000000001N000000     2  848187-01   14051500000000317500000000001 160415000020000000000000000000000000000333000000003036900000000000000202470909000139RICARDO MIGLIANO MONTELEONE ME          R LAVAPES, DO,1130                      00000818700101519000ATW DISTRIBUIDORA DE MATERIAL ELETRICO - EIREL0771049600013635150407710496000136550010000081871229517009000052
1                   01350301040199AA0R00000548917 01 01 00001 0000000000000000000000000000001N000000     2  848185-01   14051500000000510000000000001 160415000020000000000000000000000000000333000000004878200000000000000211000199000174E A MATERIAIS PARA CONSTRUCOES LTDA     R ITINGUCU,043                          00000818500103658010ATW DISTRIBUIDORA DE MATERIAL ELETRICO - EIREL0771049600013635150407710496000136550010000081851215922050000053
1                   01350301040199AA0R00000548936 01 01 00001 0000000000000000000000000000001N000000     2  848175-01   14051500000000425000000000001 160415000020000000000000000000000000000333000000004065200000000000000209431967000100ZZINI ELETRICA HIDR. E FERRAGENS LTDA MEAV ALVARO RAMOS,2269                    00000817500103331001ATW DISTRIBUIDORA DE MATERIAL ELETRICO - EIREL0771049600013635150407710496000136550010000081751892638993000054
1                   01350301040199AA0R00000548924 01 01 00001 0000000000000000000000000000001N000000     2  848181-01   14051500000000558340000000001 160415000020000000000000000000000000000333000000005340600000000000000203941359000151LOGOS DE CAMPINAS EQUIPAMENTOS ELETRICOSR MANOEL FRANCISCO MENDES,433           00000818100113030110ATW DISTRIBUIDORA DE MATERIAL ELETRICO - EIREL0771049600013635150407710496000136550010000081811707178231000055
1                   01350301040199AA0R00000548927 01 01 00001 0000000000000000000000000000001N000000     2  848180-01   14051500000000425000000000001 160415000020000000000000000000000000000333000000004065200000000000000261264719000124COMERCIAL ARWIL TINTAS E MATERIAIS DE COR TAMOIOS,204                           00000818000104630000ATW DISTRIBUIDORA DE MATERIAL ELETRICO - EIREL0771049600013635150407710496000136550010000081801919209214000056
1                   01350301040199AA0R00000548918 01 01 00001 0000000000000000000000000000001N000000     2  848183-01   14051500000000340000000000001 160415000020000000000000000000000000000333000000003252200000000000000255716211000117ITU LUSTRES LTDA                        R TUIUTI,490                            00000818300113339010ATW DISTRIBUIDORA DE MATERIAL ELETRICO - EIREL0771049600013635150407710496000136550010000081831563809749000057
1                   01350301040199AA0R00000548922 01 01 00001 0000000000000000000000000000001N000000     2  848182-01   14051500000000510000000000001 160415000020000000000000000000000000000333000000004878200000000000000208711799000136LAMPIAO DE GAS COMERCIAL ELETRICA LTDA  AV GENERAL MAC ARTHUR,074               00000818200105338000ATW DISTRIBUIDORA DE MATERIAL ELETRICO - EIREL0771049600013635150407710496000136550010000081821335079510000058
1                   01350301040199AA0R00000548894 01 01 00001 0000000000000000000000000000001N000000     2  848196-01   14051500000000340000000000001 160415000020000000000000000000000000000333000000003252200000000000000249823016000193ELETRICA DISWAL LTDA EPP                R ACRE, DO,391/397                      00000819600103181100ATW DISTRIBUIDORA DE MATERIAL ELETRICO - EIREL0771049600013635150407710496000136550010000081961274321311000059
1                   01350301040199AA0R00000548897 01 01 00001 0000000000000000000000000000001N000000     2  848195-01   14051500000001608000000000001 160415000020000000000000000000000000000333000000015380800000000000000213041971000121O2 LED ILLUMINATION COMERCIO E DESENVOLVR ABRAHAO GONCALVES BRAGA,412/PARTE A   00000819500104186220ATW DISTRIBUIDORA DE MATERIAL ELETRICO - EIREL0771049600013635150407710496000136550010000081951600807350000060
1                   01350301040199AA0R00000548908 01 01 00001 0000000000000000000000000000001N000000     2  848191-01   28041500000003839000000000001 160415000020000000000000000000000000000333000000037716700000000000000200535852000183A W WEISE SUNCIN AMP; CIA LTDA ME       R JACOB EMERICH,543                     00000819100111310000ATW DISTRIBUIDORA DE MATERIAL ELETRICO - EIREL0771049600013635150407710496000136550010000081911117101180000061
1                   01350301040199AA0R00000548893 01 01 00001 0000000000000000000000000000001N000000     2  848197-01   26041500000000675000000000001 160415000020000000000000000000000000000333000000006631600000000000000204541806000148CLAUDIO R. NORONHA - CONSTRUCAO - ME    AV ANGELO GUERINO,155                   00000819700113990000ATW DISTRIBUIDORA DE MATERIAL ELETRICO - EIREL0771049600013635150407710496000136550010000081971454782349000062
1                   01350301040199AA0R00000541986 01 01 00001 0000000000000000000000000665811N200415     2  747447/03   03041500000000633400000000001A200215000020000000000000000000000000000302000000005942000000000665810247442702000199ANTONIO FERRAZ MATERIAL ELETRICO        CAPITAO FASTINO DE LIMA NO 95           00000744700103040030ATW DISTRIBUIDORA DE MATERIAL ELETRICO - EIREL0771049600013635150207710496000136550010000074471318040509000063
1                   01350301040199AA0R00000543189 01 01 00001 0000000000000000000000000430981N200415     2  747558/02   03041500000000410000000000001A270215000020000000000000000000000000000304000000003911500000000430980247442702000199ANTONIO FERRAZ MATERIAL ELETRICO        CAPITAO FASTINO DE LIMA NO 95           05500100003603040030ATW DISTRIBUIDORA DE MATERIAL ELETRICO - EIREL077104960001363515 0207 7104 9600 0136 5500 1000 0075 5818000064
1                   01350301040199AA0R00000543396 01 01 00001 0000000000000000000000012900511N200415     2  747321      02041500000012251200000000001A090215000020000000000000000000000000000306000000117567300000012900510216686112000188MARIA DE LOURDES CROTTI BUCIOLI - EPP   R SETE DE SETEMBRO, 579  SALA 09        00000732100114010180ATW DISTRIBUIDORA DE MATERIAL ELETRICO - EIREL0771049600013635150207710496000136550010000073211192286600000065
1                   01350301040199AA0R00000548309 01 01 00001 0000000000000000000000000335921N200415     2  748165-01   13051500000000340000000000001A150415000020000000000000000000000000000331000000003241400000000340000214847631000155REDETRAFO - COMERCIO DE MATERIAIS ELETRIR CASTELO DA TORRE,196                  00000816500105136050ATW DISTRIBUIDORA DE MATERIAL ELETRICO - EIREL0771049600013635150407710496000136550010000081651849566190000066
9                                                                                                                                                                                                                                                                                                                                                                                                                                                     000067
